@inbook{nocedal-optimization,
title = "Numerical optimization",
author = "Jorge Nocedal and Wright, {Stephen J.}",
year = "2006",
language = "English (US)",
series = "Springer Series in Operations Research and Financial Engineering",
publisher = "Springer Nature",
pages = "1--664",
booktitle = "Springer Series in Operations Research and Financial Engineering",
}
@unknown{test-problems-unconstrained,
author = {Luksan, Ladislav and Vlƒçek, Jan},
year = {2003},
month = {11},
pages = {},
title = {Test Problems for Unconstrained Optimization}
}