@misc{ihtc2024,
  url = {https://ihtc2024.github.io/},
}

@article{ts,
  author = {Fred Glover},
  journal = {ORSA Journal on Computing},
  number = {190-206},
  title = {Tabu Searchâ€”Part I},
  volume = {1},
  issue = {3},
  year = {1989},
  url = {https://doi.org/10.1287/ijoc.1.3.190}
}